<?xml version="1.0" encoding="UTF-8"?><record xmlns="http://www.loc.gov/MARC21/slim" xmlns:cinclude="http://apache.org/cocoon/include/1.0" xmlns:zs="http://www.loc.gov/zing/srw/">
  <leader>00652cz  a2200145n  4500</leader>
  <controlfield tag="001">n  80124484 </controlfield>
  <controlfield tag="003">DLC</controlfield>
  <controlfield tag="005">20120802080824.0</controlfield>
  <controlfield tag="008">800930n| acannaab           |a ana      </controlfield>
  <datafield tag="010" ind1=" " ind2=" ">
    <subfield code="a">n  80124484 </subfield>
  </datafield>
  <datafield tag="040" ind1=" " ind2=" ">
    <subfield code="a">DLC</subfield>
    <subfield code="b">eng</subfield>
    <subfield code="c">DLC</subfield>
    <subfield code="d">DLC</subfield>
  </datafield>
  <datafield tag="111" ind1="2" ind2=" ">
    <subfield code="a">Pacific Basin Development Conference</subfield>
    <subfield code="d">(1980 :</subfield>
    <subfield code="c">Honolulu, Hawaii)</subfield>
  </datafield>
  <datafield tag="411" ind1="2" ind2=" ">
    <subfield code="w">nnaa</subfield>
    <subfield code="a">Pacific Basin Development Conference,</subfield>
    <subfield code="c">Honolulu,</subfield>
    <subfield code="d">1980.</subfield>
  </datafield>
  <datafield tag="667" ind1=" " ind2=" ">
    <subfield code="a">THIS 1XX FIELD CANNOT BE USED UNDER RDA UNTIL THIS RECORD HAS BEEN REVIEWED AND/OR UPDATED</subfield>
  </datafield>
  <datafield tag="670" ind1=" " ind2=" ">
    <subfield code="a">Its Pacific Basin Development ... 1980:</subfield>
    <subfield code="b">t.p. (Pacific Basin Development Conference, February 17-20, 1980, Kuilima, Hawaii) p. 30 (held in Honolulu, Hawaii)</subfield>
  </datafield>
</record>